<?xml version="1.0" encoding="UTF-8"?>
<record xmlns="http://www.loc.gov/MARC21/slim" xmlns:xsi="http://www.w3.org/2001/XMLSchema-instance" xsi:schemaLocation="http://www.loc.gov/MARC21/slim http://www.loc.gov/standards/marcxml/schema/MARC21slim.xsd">
<leader>     cam a22003131a 4500</leader>
<controlfield tag="001">001676862</controlfield>
<controlfield tag="003">NNU</controlfield>
<controlfield tag="005">20061010173152.0</controlfield>
<controlfield tag="008">000127s1955    ua            000 0 ara d</controlfield>
<datafield tag="010" ind1=" " ind2=" ">
<subfield code="a">ne 66000555</subfield>
</datafield>
<datafield tag="035" ind1="9" ind2=" ">
<subfield code="a">NYUb12220226</subfield>
</datafield>
<datafield tag="035" ind1=" " ind2=" ">
<subfield code="a">(NNU)NYUb12220226</subfield>
</datafield>
<datafield tag="040" ind1=" " ind2=" ">
<subfield code="c">NN</subfield>
<subfield code="d">NN</subfield>
<subfield code="d">PU</subfield>
<subfield code="d">CtY</subfield>
</datafield>
<datafield tag="066" ind1=" " ind2=" ">
<subfield code="c">(3</subfield>
</datafield>
<datafield tag="090" ind1=" " ind2=" ">
<subfield code="a">CT21</subfield>
<subfield code="b">.H3</subfield>
</datafield>
<datafield tag="245" ind1="0" ind2="3">
<subfield code="6">880-01</subfield>
<subfield code="a">al-Tarājim wa-al-siyar /</subfield>
<subfield code="c">yashtariku fī waḍʻ hādhihi al-majmūʻah lajnah min udabāʼ al-aqṭār al-ʻArabīyah.</subfield>
</datafield>
<datafield tag="260" ind1=" " ind2=" ">
<subfield code="6">880-02</subfield>
<subfield code="a">[al-Qāhirah] :</subfield>
<subfield code="b">Dār al-Maʻārif,</subfield>
<subfield code="c">[1955]</subfield>
</datafield>
<datafield tag="300" ind1=" " ind2=" ">
<subfield code="a">110 p. ;</subfield>
<subfield code="c">22 cm.</subfield>
</datafield>
<datafield tag="490" ind1="1" ind2=" ">
<subfield code="6">880-03</subfield>
<subfield code="a">Funūn al-adab al-ʻArabī. Fann al-qaṣaṣī ;</subfield>
<subfield code="v">2</subfield>
</datafield>
<datafield tag="500" ind1=" " ind2=" ">
<subfield code="a">Introduction signed: Muḥammad ʻAbd al-Ghanī Ḥasan.</subfield>
</datafield>
<datafield tag="650" ind1=" " ind2="0">
<subfield code="a">Biography as a literary form.</subfield>
</datafield>
<datafield tag="650" ind1=" " ind2="0">
<subfield code="a">Arabic prose literature</subfield>
<subfield code="x">History and criticism.</subfield>
</datafield>
<datafield tag="700" ind1="1" ind2=" ">
<subfield code="6">880-04</subfield>
<subfield code="a">Ḥasan, Muḥammad ʻAbd al-Ghanī.</subfield>
</datafield>
<datafield tag="880" ind1="0" ind2="2">
<subfield code="6">245-01/</subfield>
<subfield code="a">التراجم والسير /</subfield>
<subfield code="c">يشترك في وضع هذه المجموعة لجنة من أدباء الأقطار العربية.</subfield>
</datafield>
<datafield tag="880" ind1=" " ind2=" ">
<subfield code="6">260-02/</subfield>
<subfield code="a">[القاهرة] :</subfield>
<subfield code="b">دار المعارف،</subfield>
<subfield code="c">[1955]</subfield>
</datafield>
<datafield tag="880" ind1="1" ind2=" ">
<subfield code="6">490-03/</subfield>
<subfield code="a">فنون الأدب العربي.</subfield>
<subfield code="p">فن القصصي ؛</subfield>
<subfield code="v">2</subfield>
</datafield>
<datafield tag="880" ind1="1" ind2=" ">
<subfield code="6">700-04/</subfield>
<subfield code="a">حسن، محمد عبد الغني.</subfield>
</datafield>
<datafield tag="830" ind1=" " ind2="0">
<subfield code="6">880-05</subfield>
<subfield code="a">Funūn al-adab al-ʻArabī.</subfield>
<subfield code="p">Fann al-qaṣaṣī ;</subfield>
<subfield code="v">2.</subfield>
</datafield>
<datafield tag="880" ind1=" " ind2="0">
<subfield code="6">830-05/</subfield>
<subfield code="a">فنون الأدب العربي.</subfield>
<subfield code="p">فن القصصي ؛</subfield>
<subfield code="v">2</subfield>
</datafield>
<datafield tag="OWN" ind1=" " ind2=" ">
<subfield code="a">GENERAL</subfield>
</datafield>
<datafield tag="998" ind1=" " ind2=" ">
<subfield code="a">20010429</subfield>
<subfield code="d">20010429</subfield>
<subfield code="d">20010429</subfield>
<subfield code="n">NNU</subfield>
<subfield code="s">6</subfield>
<subfield code="t">c</subfield>
<subfield code="z">p</subfield>
</datafield>
<datafield tag="AVA" ind1=" " ind2=" ">
<subfield code="a">NYU50</subfield>
<subfield code="b">BOBST</subfield>
<subfield code="c">Main Collection</subfield>
<subfield code="d">CT21 .H3</subfield>
<subfield code="e">unavailable</subfield>
<subfield code="t">Unavailable</subfield>
<subfield code="f">1</subfield>
<subfield code="g">1</subfield>
<subfield code="h">N</subfield>
<subfield code="i">0</subfield>
<subfield code="j">MAIN</subfield>
<subfield code="k">0</subfield>
</datafield>
</record>
